@book{HZH2002,
author = {Huba, Mikuláš and Žáková, Katarína and Hubinský, Peter},
year = {2002},
month = {12},
pages = {},
title = {Teória systémov},
isbn = {SK- 80-227-1820-3}
}