@Book{Aastroem2020,
  author           = {Åström, Karl Johan and Murray, Richard M.},
  title            = {Feedback Systems: An Introduction for Scientists and Engineers},
  isbn             = {978-0-691-13576-2},
  publisher        = {Princeton University Press},
  url              = {https://fbswiki.org/wiki/index.php/Main_Page},
  creationdate     = {2024-07-28T10:19:23},
  groups           = {Textbook},
  modificationdate = {2024-08-01T10:59:47},
  month            = {jan},
  place            = {Princeton, NJ},
  year             = {2020},
}
