@Book{Huba2002,
  author           = {Huba, Mikuláš and Žáková, Katarína and Hubinský, Peter},
  date             = {2002-12},
  title            = {Teória systémov},
  eprint           = {https://drive.google.com/file/d/14kCOtEp9Hynt57-b3oi_MXkPg339r9-q/view?usp=drive_link},
  isbn             = {SK- 80-227-1820-3},
  note             = {skripta_TS.pdf},
  url              = {https://www.researchgate.net/profile/Mikulas-Huba-3/publication/336119804_Teoria_systemov_Systems'_Theory/links/5d8f64c092851c33e9437d34/Teoria-systemov-Systems-Theory.pdf},
  file             = {:pdf/skripta_TS.pdf:PDF},
  groups           = {DifRov_pre_AH},
  modificationdate = {2024-07-10T08:55:08},
  timestamp        = {2024-06-26},
}

@Misc{Mihalikova2012,
  author           = {Mihalíková, Božena and Mojsej, Ivan},
  title            = {Diferenciálne rovnice},
  eprint           = {https://drive.google.com/file/d/1F0Y6l3Jh3GFSnJ3JrP9fxAzyY_q_FN0R/view?usp=drive_link},
  note             = {dif_rovnice.pdf},
  url              = {https://umv.science.upjs.sk/analyza/texty/predmety/MAN2c/dif_rovnice.pdf},
  file             = {:pdf/dif_rovnice.pdf:PDF},
  groups           = {DifRov_pre_AH},
  modificationdate = {2024-07-10T10:11:26},
  timestamp        = {2024-06-26},
  year             = {2012},
}

@Book{Nagy1980,
  author           = {Nagy, Jozef},
  title            = {Stabilita řešení obyčejných diferenciálních rovnic},
  eprint           = {https://drive.google.com/file/d/1UxIUMljVcRivML31ALQLoFLN_fJ8A0ye/view?usp=drive_link},
  creationdate     = {2024-06-28T10:36:27},
  file             = {:pdf/Stabilita reseni obycejnych diferencialnich rovnic - Nagy J.pdf:PDF},
  groups           = {DifRov_pre_AH},
  modificationdate = {2024-07-10T08:55:53},
  year             = {1980},
}

@Misc{Kozielova,
  author           = {Petra Kozielová and Bohumil Krajc},
  title            = {Vybrané kapitoly z obyčejných diferenciálních rovnic},
  eprint           = {https://mi21.vsb.cz/sites/mi21.vsb.cz/files/stabilita_a_ou_mi21_5_2_2019.pdf},
  url              = {https://mi21.vsb.cz/sites/mi21.vsb.cz/files/stabilita_a_ou_mi21_5_2_2019.pdf},
  creationdate     = {2024-06-28T13:54:39},
  groups           = {DifRov_pre_AH},
  modificationdate = {2024-07-10T10:11:22},
}

@Misc{Kuben1995,
  author           = {Kuben, Jaromír},
  title            = {Obyčejné diferenciální rovnice},
  eprint           = {https://drive.google.com/file/d/1Xz8nicvPJSYVblceWTWc9rEEJinakHDr/view?usp=drive_link},
  creationdate     = {2024-06-28T13:56:00},
  file             = {:pdf/ODR.pdf:PDF},
  groups           = {DifRov_pre_AH},
  modificationdate = {2024-07-10T08:58:36},
  year             = {1995},
}

@Book{Diblik2010,
  author           = {Josef Diblík and Jaromír Baštinec and Irena Hlavičková and Zdeněk Šmarda},
  title            = {Diferenciální rovnice a jejich použití v elektrotechnice},
  eprint           = {https://drive.google.com/file/d/1sy0nJOAqII__MR4WDJZAna7idonnZvt5/view?usp=drive_link},
  url              = {https://www.umat.fekt.vut.cz/~svobodaz/MKC-DRE/},
  creationdate     = {2024-06-29T12:11:31},
  file             = {:pdf/Mdre-B[1].pdf:PDF},
  groups           = {DifRov_pre_AH},
  modificationdate = {2024-06-29T12:15:45},
  year             = {2010},
}

@Book{Svoboda2018,
  author           = {Zdeněk Svoboda},
  title            = {Sbírka příkladu z obyčejných diferenciálních rovnic},
  eprint           = {https://drive.google.com/file/d/1f9y2jSg7hT9UJxL93zOWLUu7B947T8xE/view?usp=drive_link},
  url              = {https://www.umat.fekt.vut.cz/~svobodaz/MKC-DRE/},
  creationdate     = {2024-06-29T12:16:13},
  file             = {:pdf/DRrovnice2018.pdf:PDF},
  groups           = {DifRov_pre_AH},
  modificationdate = {2024-06-29T12:18:50},
  year             = {2018},
}
